@Misc{bertrand,
  author =       {Bertrand Alain},
  title =        {``La branche armée du féminisme: les Amazones''},
  howpublished = {http://revuelabyrinthe.org/document742.html},
  year =         {Mis en ligne le 20 avril 2005, consulté le 23 septembre 2007},
}